%YAML 1.1
%TAG !u! tag:unity3d.com,2011:
--- !u!1 &1429779455
GameObject:
  m_ObjectHideFlags: 0
  m_CorrespondingSourceObject: {fileID: 0}
  m_PrefabInstance: {fileID: 0}
  m_PrefabAsset: {fileID: 0}
  serializedVersion: 6
  m_Component:
  - component: {fileID: 1429779456}
  - component: {fileID: 1429779460}
  - component: {fileID: 1429779459}
  - component: {fileID: 1429779458}
  - component: {fileID: 1429779457}
  m_Layer: 0
  m_Name: Damage Collider
  m_TagString: Untagged
  m_Icon: {fileID: 0}
  m_NavMeshLayer: 0
  m_StaticEditorFlags: 0
  m_IsActive: 1
--- !u!4 &1429779456
Transform:
  m_ObjectHideFlags: 0
  m_CorrespondingSourceObject: {fileID: 0}
  m_PrefabInstance: {fileID: 0}
  m_PrefabAsset: {fileID: 0}
  m_GameObject: {fileID: 1429779455}
  m_LocalRotation: {x: -0, y: -0.7071068, z: -0, w: 0.7071068}
  m_LocalPosition: {x: -1.0850004, y: 1.0100002, z: 0}
  m_LocalScale: {x: 1.1848911, y: 0.74749, z: 1}
  m_Children: []
  m_Father: {fileID: 3159654861755151193}
  m_RootOrder: 2
  m_LocalEulerAnglesHint: {x: 0, y: 0, z: 0}
--- !u!33 &1429779460
MeshFilter:
  m_ObjectHideFlags: 0
  m_CorrespondingSourceObject: {fileID: 0}
  m_PrefabInstance: {fileID: 0}
  m_PrefabAsset: {fileID: 0}
  m_GameObject: {fileID: 1429779455}
  m_Mesh: {fileID: 10202, guid: 0000000000000000e000000000000000, type: 0}
--- !u!23 &1429779459
MeshRenderer:
  m_ObjectHideFlags: 0
  m_CorrespondingSourceObject: {fileID: 0}
  m_PrefabInstance: {fileID: 0}
  m_PrefabAsset: {fileID: 0}
  m_GameObject: {fileID: 1429779455}
  m_Enabled: 0
  m_CastShadows: 1
  m_ReceiveShadows: 1
  m_DynamicOccludee: 1
  m_MotionVectors: 1
  m_LightProbeUsage: 1
  m_ReflectionProbeUsage: 1
  m_RayTracingMode: 2
  m_RayTraceProcedural: 0
  m_RenderingLayerMask: 1
  m_RendererPriority: 0
  m_Materials:
  - {fileID: 10303, guid: 0000000000000000f000000000000000, type: 0}
  m_StaticBatchInfo:
    firstSubMesh: 0
    subMeshCount: 0
  m_StaticBatchRoot: {fileID: 0}
  m_ProbeAnchor: {fileID: 0}
  m_LightProbeVolumeOverride: {fileID: 0}
  m_ScaleInLightmap: 1
  m_ReceiveGI: 1
  m_PreserveUVs: 0
  m_IgnoreNormalsForChartDetection: 0
  m_ImportantGI: 0
  m_StitchLightmapSeams: 1
  m_SelectedEditorRenderState: 3
  m_MinimumChartSize: 4
  m_AutoUVMaxDistance: 0.5
  m_AutoUVMaxAngle: 89
  m_LightmapParameters: {fileID: 0}
  m_SortingLayerID: 0
  m_SortingLayer: 0
  m_SortingOrder: 0
  m_AdditionalVertexStreams: {fileID: 0}
--- !u!65 &1429779458
BoxCollider:
  m_ObjectHideFlags: 0
  m_CorrespondingSourceObject: {fileID: 0}
  m_PrefabInstance: {fileID: 0}
  m_PrefabAsset: {fileID: 0}
  m_GameObject: {fileID: 1429779455}
  m_Material: {fileID: 0}
  m_IsTrigger: 0
  m_Enabled: 1
  serializedVersion: 2
  m_Size: {x: 1, y: 1, z: 1}
  m_Center: {x: 0, y: 0, z: 0}
--- !u!114 &1429779457
MonoBehaviour:
  m_ObjectHideFlags: 0
  m_CorrespondingSourceObject: {fileID: 0}
  m_PrefabInstance: {fileID: 0}
  m_PrefabAsset: {fileID: 0}
  m_GameObject: {fileID: 1429779455}
  m_Enabled: 1
  m_EditorHideFlags: 0
  m_Script: {fileID: 11500000, guid: 916612c7649851946af8a00b008caf26, type: 3}
  m_Name: 
  m_EditorClassIdentifier: 
--- !u!95 &2146442287
Animator:
  serializedVersion: 3
  m_ObjectHideFlags: 0
  m_CorrespondingSourceObject: {fileID: 0}
  m_PrefabInstance: {fileID: 0}
  m_PrefabAsset: {fileID: 0}
  m_GameObject: {fileID: 2347090052807404003}
  m_Enabled: 1
  m_Avatar: {fileID: 0}
  m_Controller: {fileID: 9100000, guid: a97f8e9c2a8753b409c8bc570b7ba39c, type: 2}
  m_CullingMode: 0
  m_UpdateMode: 0
  m_ApplyRootMotion: 0
  m_LinearVelocityBlending: 0
  m_WarningMessage: 
  m_HasTransformHierarchy: 1
  m_AllowConstantClipSamplingOptimization: 1
  m_KeepAnimatorControllerStateOnDisable: 0
--- !u!114 &2146442288
MonoBehaviour:
  m_ObjectHideFlags: 0
  m_CorrespondingSourceObject: {fileID: 0}
  m_PrefabInstance: {fileID: 0}
  m_PrefabAsset: {fileID: 0}
  m_GameObject: {fileID: 2347090052807404003}
  m_Enabled: 1
  m_EditorHideFlags: 0
  m_Script: {fileID: 11500000, guid: 461949cbd4f8f7a4195c094a33346aac, type: 3}
  m_Name: 
  m_EditorClassIdentifier: 
--- !u!114 &595085966
MonoBehaviour:
  m_ObjectHideFlags: 0
  m_CorrespondingSourceObject: {fileID: 0}
  m_PrefabInstance: {fileID: 0}
  m_PrefabAsset: {fileID: 0}
  m_GameObject: {fileID: 3194743048862885724}
  m_Enabled: 1
  m_EditorHideFlags: 0
  m_Script: {fileID: 11500000, guid: a2937bb733d6241499e6a178a09fbfa5, type: 3}
  m_Name: 
  m_EditorClassIdentifier: 
  isAttacking: 0
  isSnapping: 0
  canAttack: 0
  attackUp: 0
  currentDamageOutput: 0
  damageOuput: 1
  attackUpDamagePoints: 2
  attackStrings:
  - rig|Punch_L
  - rig|Punch_R
  comboResetTimer: 0.2
  mouseTarget: {fileID: 0}
  snapRequiredDistance: 3
  snapStopDistance: 0.01
  snapAngle: 140
  snapMoveSpeed: 1
  attackUpTime: 15
  snapOffset: {x: 0, y: 0, z: 0}
  damageCollider: {fileID: 1429779457}
--- !u!114 &595085967
MonoBehaviour:
  m_ObjectHideFlags: 0
  m_CorrespondingSourceObject: {fileID: 0}
  m_PrefabInstance: {fileID: 0}
  m_PrefabAsset: {fileID: 0}
  m_GameObject: {fileID: 3194743048862885724}
  m_Enabled: 1
  m_EditorHideFlags: 0
  m_Script: {fileID: 11500000, guid: 897f9aa71cfad0b4885faa2c4ccec39b, type: 3}
  m_Name: 
  m_EditorClassIdentifier: 
  health: 0
  healthMax: 10
  iFramesTime: 1.5
  invincibilityTime: 7
  takingDamage: 0
  iFrames: 0
  invincibility: 0
  isDead: 0
  knockbackSpeed: 5
  modelRenderer: {fileID: 3170665718174276558}
--- !u!114 &595085968
MonoBehaviour:
  m_ObjectHideFlags: 0
  m_CorrespondingSourceObject: {fileID: 0}
  m_PrefabInstance: {fileID: 0}
  m_PrefabAsset: {fileID: 0}
  m_GameObject: {fileID: 3194743048862885724}
  m_Enabled: 1
  m_EditorHideFlags: 0
  m_Script: {fileID: 11500000, guid: 4650acabe1d6aa6429e42554f1f0feb9, type: 3}
  m_Name: 
  m_EditorClassIdentifier: 
  useStrafeAnimations: 0
--- !u!1001 &3194143015916344498
PrefabInstance:
  m_ObjectHideFlags: 0
  serializedVersion: 2
  m_Modification:
    m_TransformParent: {fileID: 3196617744802853638}
    m_Modifications:
    - target: {fileID: -9077829442046079950, guid: 653d58720dc78dc3e959c4b9b4166511, type: 3}
      propertyPath: m_LocalEulerAnglesHint.x
      value: -1.5334429
      objectReference: {fileID: 0}
    - target: {fileID: -9077829442046079950, guid: 653d58720dc78dc3e959c4b9b4166511, type: 3}
      propertyPath: m_LocalEulerAnglesHint.y
      value: 11.336277
      objectReference: {fileID: 0}
    - target: {fileID: -9077829442046079950, guid: 653d58720dc78dc3e959c4b9b4166511, type: 3}
      propertyPath: m_LocalEulerAnglesHint.z
      value: 7.5117826
      objectReference: {fileID: 0}
    - target: {fileID: -9024679872692868464, guid: 653d58720dc78dc3e959c4b9b4166511, type: 3}
      propertyPath: m_LocalEulerAnglesHint.x
      value: -0.6816888
      objectReference: {fileID: 0}
    - target: {fileID: -9024679872692868464, guid: 653d58720dc78dc3e959c4b9b4166511, type: 3}
      propertyPath: m_LocalEulerAnglesHint.y
      value: 1.0067347
      objectReference: {fileID: 0}
    - target: {fileID: -9024679872692868464, guid: 653d58720dc78dc3e959c4b9b4166511, type: 3}
      propertyPath: m_LocalEulerAnglesHint.z
      value: -0.00000560537
      objectReference: {fileID: 0}
    - target: {fileID: -8703148777072009529, guid: 653d58720dc78dc3e959c4b9b4166511, type: 3}
      propertyPath: m_LocalEulerAnglesHint.x
      value: 7.2814336
      objectReference: {fileID: 0}
    - target: {fileID: -8703148777072009529, guid: 653d58720dc78dc3e959c4b9b4166511, type: 3}
      propertyPath: m_LocalEulerAnglesHint.y
      value: 81.39435
      objectReference: {fileID: 0}
    - target: {fileID: -8703148777072009529, guid: 653d58720dc78dc3e959c4b9b4166511, type: 3}
      propertyPath: m_LocalEulerAnglesHint.z
      value: -10.687724
      objectReference: {fileID: 0}
    - target: {fileID: -8679921383154817045, guid: 653d58720dc78dc3e959c4b9b4166511, type: 3}
      propertyPath: m_RootOrder
      value: 1
      objectReference: {fileID: 0}
    - target: {fileID: -8679921383154817045, guid: 653d58720dc78dc3e959c4b9b4166511, type: 3}
      propertyPath: m_LocalPosition.x
      value: 0
      objectReference: {fileID: 0}
    - target: {fileID: -8679921383154817045, guid: 653d58720dc78dc3e959c4b9b4166511, type: 3}
      propertyPath: m_LocalPosition.y
      value: -1.01
      objectReference: {fileID: 0}
    - target: {fileID: -8679921383154817045, guid: 653d58720dc78dc3e959c4b9b4166511, type: 3}
      propertyPath: m_LocalPosition.z
      value: 0
      objectReference: {fileID: 0}
    - target: {fileID: -8679921383154817045, guid: 653d58720dc78dc3e959c4b9b4166511, type: 3}
      propertyPath: m_LocalRotation.w
      value: 0.7071068
      objectReference: {fileID: 0}
    - target: {fileID: -8679921383154817045, guid: 653d58720dc78dc3e959c4b9b4166511, type: 3}
      propertyPath: m_LocalRotation.x
      value: 0
      objectReference: {fileID: 0}
    - target: {fileID: -8679921383154817045, guid: 653d58720dc78dc3e959c4b9b4166511, type: 3}
      propertyPath: m_LocalRotation.y
      value: 0.7071068
      objectReference: {fileID: 0}
    - target: {fileID: -8679921383154817045, guid: 653d58720dc78dc3e959c4b9b4166511, type: 3}
      propertyPath: m_LocalRotation.z
      value: 0
      objectReference: {fileID: 0}
    - target: {fileID: -8679921383154817045, guid: 653d58720dc78dc3e959c4b9b4166511, type: 3}
      propertyPath: m_LocalEulerAnglesHint.x
      value: 0
      objectReference: {fileID: 0}
    - target: {fileID: -8679921383154817045, guid: 653d58720dc78dc3e959c4b9b4166511, type: 3}
      propertyPath: m_LocalEulerAnglesHint.y
      value: 90
      objectReference: {fileID: 0}
    - target: {fileID: -8679921383154817045, guid: 653d58720dc78dc3e959c4b9b4166511, type: 3}
      propertyPath: m_LocalEulerAnglesHint.z
      value: 0
      objectReference: {fileID: 0}
    - target: {fileID: -8018399113557775461, guid: 653d58720dc78dc3e959c4b9b4166511, type: 3}
      propertyPath: m_LocalEulerAnglesHint.x
      value: -0.006289319
      objectReference: {fileID: 0}
    - target: {fileID: -8018399113557775461, guid: 653d58720dc78dc3e959c4b9b4166511, type: 3}
      propertyPath: m_LocalEulerAnglesHint.y
      value: -0.0000023479247
      objectReference: {fileID: 0}
    - target: {fileID: -8018399113557775461, guid: 653d58720dc78dc3e959c4b9b4166511, type: 3}
      propertyPath: m_LocalEulerAnglesHint.z
      value: 0.0000008539026
      objectReference: {fileID: 0}
    - target: {fileID: -7840881975131043763, guid: 653d58720dc78dc3e959c4b9b4166511, type: 3}
      propertyPath: m_LocalEulerAnglesHint.x
      value: 11.454147
      objectReference: {fileID: 0}
    - target: {fileID: -7840881975131043763, guid: 653d58720dc78dc3e959c4b9b4166511, type: 3}
      propertyPath: m_LocalEulerAnglesHint.y
      value: -0.0000014644804
      objectReference: {fileID: 0}
    - target: {fileID: -7840881975131043763, guid: 653d58720dc78dc3e959c4b9b4166511, type: 3}
      propertyPath: m_LocalEulerAnglesHint.z
      value: 0.00000017651179
      objectReference: {fileID: 0}
    - target: {fileID: -7285025709699086136, guid: 653d58720dc78dc3e959c4b9b4166511, type: 3}
      propertyPath: m_LocalEulerAnglesHint.x
      value: 0.6810806
      objectReference: {fileID: 0}
    - target: {fileID: -7285025709699086136, guid: 653d58720dc78dc3e959c4b9b4166511, type: 3}
      propertyPath: m_LocalEulerAnglesHint.y
      value: -0.3087564
      objectReference: {fileID: 0}
    - target: {fileID: -7285025709699086136, guid: 653d58720dc78dc3e959c4b9b4166511, type: 3}
      propertyPath: m_LocalEulerAnglesHint.z
      value: -0.004268827
      objectReference: {fileID: 0}
    - target: {fileID: -7182095031523010032, guid: 653d58720dc78dc3e959c4b9b4166511, type: 3}
      propertyPath: m_LocalEulerAnglesHint.x
      value: -0.000003618588
      objectReference: {fileID: 0}
    - target: {fileID: -7182095031523010032, guid: 653d58720dc78dc3e959c4b9b4166511, type: 3}
      propertyPath: m_LocalEulerAnglesHint.y
      value: 88.3634
      objectReference: {fileID: 0}
    - target: {fileID: -7182095031523010032, guid: 653d58720dc78dc3e959c4b9b4166511, type: 3}
      propertyPath: m_LocalEulerAnglesHint.z
      value: 180
      objectReference: {fileID: 0}
    - target: {fileID: -6339767025948359006, guid: 653d58720dc78dc3e959c4b9b4166511, type: 3}
      propertyPath: m_LocalEulerAnglesHint.x
      value: 0.12982975
      objectReference: {fileID: 0}
    - target: {fileID: -6339767025948359006, guid: 653d58720dc78dc3e959c4b9b4166511, type: 3}
      propertyPath: m_LocalEulerAnglesHint.y
      value: -87.34138
      objectReference: {fileID: 0}
    - target: {fileID: -6339767025948359006, guid: 653d58720dc78dc3e959c4b9b4166511, type: 3}
      propertyPath: m_LocalEulerAnglesHint.z
      value: 0.72691697
      objectReference: {fileID: 0}
    - target: {fileID: -6248968720591534923, guid: 653d58720dc78dc3e959c4b9b4166511, type: 3}
      propertyPath: m_LocalEulerAnglesHint.x
      value: 0.0009908043
      objectReference: {fileID: 0}
    - target: {fileID: -6248968720591534923, guid: 653d58720dc78dc3e959c4b9b4166511, type: 3}
      propertyPath: m_LocalEulerAnglesHint.y
      value: -148.25652
      objectReference: {fileID: 0}
    - target: {fileID: -6248968720591534923, guid: 653d58720dc78dc3e959c4b9b4166511, type: 3}
      propertyPath: m_LocalEulerAnglesHint.z
      value: 175.62361
      objectReference: {fileID: 0}
    - target: {fileID: -6247945034147084998, guid: 653d58720dc78dc3e959c4b9b4166511, type: 3}
      propertyPath: m_LocalEulerAnglesHint.x
      value: -90
      objectReference: {fileID: 0}
    - target: {fileID: -5938724413410897111, guid: 653d58720dc78dc3e959c4b9b4166511, type: 3}
      propertyPath: m_LocalEulerAnglesHint.x
      value: -0.00020026027
      objectReference: {fileID: 0}
    - target: {fileID: -5938724413410897111, guid: 653d58720dc78dc3e959c4b9b4166511, type: 3}
      propertyPath: m_LocalEulerAnglesHint.y
      value: -79.86819
      objectReference: {fileID: 0}
    - target: {fileID: -5938724413410897111, guid: 653d58720dc78dc3e959c4b9b4166511, type: 3}
      propertyPath: m_LocalEulerAnglesHint.z
      value: -0.000059155216
      objectReference: {fileID: 0}
    - target: {fileID: -5700556018745106040, guid: 653d58720dc78dc3e959c4b9b4166511, type: 3}
      propertyPath: m_LocalEulerAnglesHint.x
      value: 58.22428
      objectReference: {fileID: 0}
    - target: {fileID: -5700556018745106040, guid: 653d58720dc78dc3e959c4b9b4166511, type: 3}
      propertyPath: m_LocalEulerAnglesHint.y
      value: -143.69458
      objectReference: {fileID: 0}
    - target: {fileID: -5700556018745106040, guid: 653d58720dc78dc3e959c4b9b4166511, type: 3}
      propertyPath: m_LocalEulerAnglesHint.z
      value: -145.60281
      objectReference: {fileID: 0}
    - target: {fileID: -5587656167039746118, guid: 653d58720dc78dc3e959c4b9b4166511, type: 3}
      propertyPath: m_LocalEulerAnglesHint.x
      value: 10.442966
      objectReference: {fileID: 0}
    - target: {fileID: -5587656167039746118, guid: 653d58720dc78dc3e959c4b9b4166511, type: 3}
      propertyPath: m_LocalEulerAnglesHint.y
      value: -0.00000563057
      objectReference: {fileID: 0}
    - target: {fileID: -5587656167039746118, guid: 653d58720dc78dc3e959c4b9b4166511, type: 3}
      propertyPath: m_LocalEulerAnglesHint.z
      value: 0.000043702017
      objectReference: {fileID: 0}
    - target: {fileID: -4863462332966813686, guid: 653d58720dc78dc3e959c4b9b4166511, type: 3}
      propertyPath: m_LocalEulerAnglesHint.x
      value: -0.00046242512
      objectReference: {fileID: 0}
    - target: {fileID: -4863462332966813686, guid: 653d58720dc78dc3e959c4b9b4166511, type: 3}
      propertyPath: m_LocalEulerAnglesHint.y
      value: -148.60815
      objectReference: {fileID: 0}
    - target: {fileID: -4863462332966813686, guid: 653d58720dc78dc3e959c4b9b4166511, type: 3}
      propertyPath: m_LocalEulerAnglesHint.z
      value: -173.41129
      objectReference: {fileID: 0}
    - target: {fileID: -4077089142329229965, guid: 653d58720dc78dc3e959c4b9b4166511, type: 3}
      propertyPath: m_LocalEulerAnglesHint.x
      value: -18.472597
      objectReference: {fileID: 0}
    - target: {fileID: -4077089142329229965, guid: 653d58720dc78dc3e959c4b9b4166511, type: 3}
      propertyPath: m_LocalEulerAnglesHint.y
      value: -0.000004421562
      objectReference: {fileID: 0}
    - target: {fileID: -4077089142329229965, guid: 653d58720dc78dc3e959c4b9b4166511, type: 3}
      propertyPath: m_LocalEulerAnglesHint.z
      value: 0.0000046977275
      objectReference: {fileID: 0}
    - target: {fileID: -4034557153661649895, guid: 653d58720dc78dc3e959c4b9b4166511, type: 3}
      propertyPath: m_LocalEulerAnglesHint.x
      value: 0.00060672755
      objectReference: {fileID: 0}
    - target: {fileID: -4034557153661649895, guid: 653d58720dc78dc3e959c4b9b4166511, type: 3}
      propertyPath: m_LocalEulerAnglesHint.y
      value: -0.51153404
      objectReference: {fileID: 0}
    - target: {fileID: -4034557153661649895, guid: 653d58720dc78dc3e959c4b9b4166511, type: 3}
      propertyPath: m_LocalEulerAnglesHint.z
      value: 0.0005906654
      objectReference: {fileID: 0}
    - target: {fileID: -3589311989668628960, guid: 653d58720dc78dc3e959c4b9b4166511, type: 3}
      propertyPath: m_LocalEulerAnglesHint.x
      value: -0.000007967426
      objectReference: {fileID: 0}
    - target: {fileID: -3589311989668628960, guid: 653d58720dc78dc3e959c4b9b4166511, type: 3}
      propertyPath: m_LocalEulerAnglesHint.y
      value: 4.568466
      objectReference: {fileID: 0}
    - target: {fileID: -3589311989668628960, guid: 653d58720dc78dc3e959c4b9b4166511, type: 3}
      propertyPath: m_LocalEulerAnglesHint.z
      value: -0.0000025792308
      objectReference: {fileID: 0}
    - target: {fileID: -3455448040345624754, guid: 653d58720dc78dc3e959c4b9b4166511, type: 3}
      propertyPath: m_LocalEulerAnglesHint.x
      value: -57.77329
      objectReference: {fileID: 0}
    - target: {fileID: -3455448040345624754, guid: 653d58720dc78dc3e959c4b9b4166511, type: 3}
      propertyPath: m_LocalEulerAnglesHint.y
      value: 128.69574
      objectReference: {fileID: 0}
    - target: {fileID: -3455448040345624754, guid: 653d58720dc78dc3e959c4b9b4166511, type: 3}
      propertyPath: m_LocalEulerAnglesHint.z
      value: -141.70938
      objectReference: {fileID: 0}
    - target: {fileID: -2602575348323582929, guid: 653d58720dc78dc3e959c4b9b4166511, type: 3}
      propertyPath: m_LocalEulerAnglesHint.x
      value: -0.000031501662
      objectReference: {fileID: 0}
    - target: {fileID: -2602575348323582929, guid: 653d58720dc78dc3e959c4b9b4166511, type: 3}
      propertyPath: m_LocalEulerAnglesHint.y
      value: 0.0000009934297
      objectReference: {fileID: 0}
    - target: {fileID: -2602575348323582929, guid: 653d58720dc78dc3e959c4b9b4166511, type: 3}
      propertyPath: m_LocalEulerAnglesHint.z
      value: -0.000003041568
      objectReference: {fileID: 0}
    - target: {fileID: -2228050585937536965, guid: 653d58720dc78dc3e959c4b9b4166511, type: 3}
      propertyPath: m_LocalEulerAnglesHint.x
      value: -0.0073678102
      objectReference: {fileID: 0}
    - target: {fileID: -2228050585937536965, guid: 653d58720dc78dc3e959c4b9b4166511, type: 3}
      propertyPath: m_LocalEulerAnglesHint.y
      value: -0.045083817
      objectReference: {fileID: 0}
    - target: {fileID: -2228050585937536965, guid: 653d58720dc78dc3e959c4b9b4166511, type: 3}
      propertyPath: m_LocalEulerAnglesHint.z
      value: -0.0030740215
      objectReference: {fileID: 0}
    - target: {fileID: -2161310526951480641, guid: 653d58720dc78dc3e959c4b9b4166511, type: 3}
      propertyPath: m_LocalEulerAnglesHint.x
      value: 40.53223
      objectReference: {fileID: 0}
    - target: {fileID: -2161310526951480641, guid: 653d58720dc78dc3e959c4b9b4166511, type: 3}
      propertyPath: m_LocalEulerAnglesHint.y
      value: 113.44684
      objectReference: {fileID: 0}
    - target: {fileID: -2161310526951480641, guid: 653d58720dc78dc3e959c4b9b4166511, type: 3}
      propertyPath: m_LocalEulerAnglesHint.z
      value: 124.77165
      objectReference: {fileID: 0}
    - target: {fileID: -2014934550275794687, guid: 653d58720dc78dc3e959c4b9b4166511, type: 3}
      propertyPath: m_LocalEulerAnglesHint.x
      value: -17.452955
      objectReference: {fileID: 0}
    - target: {fileID: -2014934550275794687, guid: 653d58720dc78dc3e959c4b9b4166511, type: 3}
      propertyPath: m_LocalEulerAnglesHint.y
      value: 43.933014
      objectReference: {fileID: 0}
    - target: {fileID: -2014934550275794687, guid: 653d58720dc78dc3e959c4b9b4166511, type: 3}
      propertyPath: m_LocalEulerAnglesHint.z
      value: -5.919573
      objectReference: {fileID: 0}
    - target: {fileID: -1563345586477945490, guid: 653d58720dc78dc3e959c4b9b4166511, type: 3}
      propertyPath: m_LocalEulerAnglesHint.x
      value: 17.022087
      objectReference: {fileID: 0}
    - target: {fileID: -1563345586477945490, guid: 653d58720dc78dc3e959c4b9b4166511, type: 3}
      propertyPath: m_LocalEulerAnglesHint.y
      value: -95.845856
      objectReference: {fileID: 0}
    - target: {fileID: -1563345586477945490, guid: 653d58720dc78dc3e959c4b9b4166511, type: 3}
      propertyPath: m_LocalEulerAnglesHint.z
      value: 0.2203741
      objectReference: {fileID: 0}
    - target: {fileID: -1325003428076915486, guid: 653d58720dc78dc3e959c4b9b4166511, type: 3}
      propertyPath: m_LocalEulerAnglesHint.x
      value: 0.03030384
      objectReference: {fileID: 0}
    - target: {fileID: -1325003428076915486, guid: 653d58720dc78dc3e959c4b9b4166511, type: 3}
      propertyPath: m_LocalEulerAnglesHint.y
      value: 88.37635
      objectReference: {fileID: 0}
    - target: {fileID: -1325003428076915486, guid: 653d58720dc78dc3e959c4b9b4166511, type: 3}
      propertyPath: m_LocalEulerAnglesHint.z
      value: -59.52948
      objectReference: {fileID: 0}
    - target: {fileID: -292074978352813616, guid: 653d58720dc78dc3e959c4b9b4166511, type: 3}
      propertyPath: m_LocalEulerAnglesHint.x
      value: -10.845825
      objectReference: {fileID: 0}
    - target: {fileID: -292074978352813616, guid: 653d58720dc78dc3e959c4b9b4166511, type: 3}
      propertyPath: m_LocalEulerAnglesHint.y
      value: 0.000000048402853
      objectReference: {fileID: 0}
    - target: {fileID: -292074978352813616, guid: 653d58720dc78dc3e959c4b9b4166511, type: 3}
      propertyPath: m_LocalEulerAnglesHint.z
      value: 0.00000016013314
      objectReference: {fileID: 0}
    - target: {fileID: -172552321746205306, guid: 653d58720dc78dc3e959c4b9b4166511, type: 3}
      propertyPath: m_LocalEulerAnglesHint.x
      value: 0.0001421097
      objectReference: {fileID: 0}
    - target: {fileID: -172552321746205306, guid: 653d58720dc78dc3e959c4b9b4166511, type: 3}
      propertyPath: m_LocalEulerAnglesHint.y
      value: -71.77603
      objectReference: {fileID: 0}
    - target: {fileID: -172552321746205306, guid: 653d58720dc78dc3e959c4b9b4166511, type: 3}
      propertyPath: m_LocalEulerAnglesHint.z
      value: -0.00009969063
      objectReference: {fileID: 0}
    - target: {fileID: -163066445757010894, guid: 653d58720dc78dc3e959c4b9b4166511, type: 3}
      propertyPath: m_LocalEulerAnglesHint.y
      value: -180
      objectReference: {fileID: 0}
    - target: {fileID: -163066445757010894, guid: 653d58720dc78dc3e959c4b9b4166511, type: 3}
      propertyPath: m_LocalEulerAnglesHint.z
      value: -90
      objectReference: {fileID: 0}
    - target: {fileID: -121416411355824825, guid: 653d58720dc78dc3e959c4b9b4166511, type: 3}
      propertyPath: m_LocalEulerAnglesHint.x
      value: -17.697758
      objectReference: {fileID: 0}
    - target: {fileID: -121416411355824825, guid: 653d58720dc78dc3e959c4b9b4166511, type: 3}
      propertyPath: m_LocalEulerAnglesHint.y
      value: 84.416885
      objectReference: {fileID: 0}
    - target: {fileID: -121416411355824825, guid: 653d58720dc78dc3e959c4b9b4166511, type: 3}
      propertyPath: m_LocalEulerAnglesHint.z
      value: 3.6376083
      objectReference: {fileID: 0}
    - target: {fileID: 16720969392846246, guid: 653d58720dc78dc3e959c4b9b4166511, type: 3}
      propertyPath: m_LocalEulerAnglesHint.x
      value: 0.000004633221
      objectReference: {fileID: 0}
    - target: {fileID: 16720969392846246, guid: 653d58720dc78dc3e959c4b9b4166511, type: 3}
      propertyPath: m_LocalEulerAnglesHint.y
      value: 0.0000042755364
      objectReference: {fileID: 0}
    - target: {fileID: 16720969392846246, guid: 653d58720dc78dc3e959c4b9b4166511, type: 3}
      propertyPath: m_LocalEulerAnglesHint.z
      value: -0.0000018109332
      objectReference: {fileID: 0}
    - target: {fileID: 586572809194098343, guid: 653d58720dc78dc3e959c4b9b4166511, type: 3}
      propertyPath: m_LocalEulerAnglesHint.x
      value: 0.000038846676
      objectReference: {fileID: 0}
    - target: {fileID: 586572809194098343, guid: 653d58720dc78dc3e959c4b9b4166511, type: 3}
      propertyPath: m_LocalEulerAnglesHint.y
      value: 0.000005549528
      objectReference: {fileID: 0}
    - target: {fileID: 586572809194098343, guid: 653d58720dc78dc3e959c4b9b4166511, type: 3}
      propertyPath: m_LocalEulerAnglesHint.z
      value: 0.000005229364
      objectReference: {fileID: 0}
    - target: {fileID: 912595363913718369, guid: 653d58720dc78dc3e959c4b9b4166511, type: 3}
      propertyPath: m_LocalEulerAnglesHint.x
      value: 0.000000086711374
      objectReference: {fileID: 0}
    - target: {fileID: 912595363913718369, guid: 653d58720dc78dc3e959c4b9b4166511, type: 3}
      propertyPath: m_LocalEulerAnglesHint.y
      value: -0.000001305465
      objectReference: {fileID: 0}
    - target: {fileID: 912595363913718369, guid: 653d58720dc78dc3e959c4b9b4166511, type: 3}
      propertyPath: m_LocalEulerAnglesHint.z
      value: 0.00000008671139
      objectReference: {fileID: 0}
    - target: {fileID: 919132149155446097, guid: 653d58720dc78dc3e959c4b9b4166511, type: 3}
      propertyPath: m_Name
      value: suika2
      objectReference: {fileID: 0}
    - target: {fileID: 1152509675360555135, guid: 653d58720dc78dc3e959c4b9b4166511, type: 3}
      propertyPath: m_LocalEulerAnglesHint.x
      value: 0.00018334798
      objectReference: {fileID: 0}
    - target: {fileID: 1152509675360555135, guid: 653d58720dc78dc3e959c4b9b4166511, type: 3}
      propertyPath: m_LocalEulerAnglesHint.y
      value: 0.000006029771
      objectReference: {fileID: 0}
    - target: {fileID: 1152509675360555135, guid: 653d58720dc78dc3e959c4b9b4166511, type: 3}
      propertyPath: m_LocalEulerAnglesHint.z
      value: -0.0000019209813
      objectReference: {fileID: 0}
    - target: {fileID: 1327791927880755045, guid: 653d58720dc78dc3e959c4b9b4166511, type: 3}
      propertyPath: m_LocalEulerAnglesHint.x
      value: -0.015974803
      objectReference: {fileID: 0}
    - target: {fileID: 1327791927880755045, guid: 653d58720dc78dc3e959c4b9b4166511, type: 3}
      propertyPath: m_LocalEulerAnglesHint.y
      value: 0.018267842
      objectReference: {fileID: 0}
    - target: {fileID: 1327791927880755045, guid: 653d58720dc78dc3e959c4b9b4166511, type: 3}
      propertyPath: m_LocalEulerAnglesHint.z
      value: 82.33419
      objectReference: {fileID: 0}
    - target: {fileID: 1551944867817709093, guid: 653d58720dc78dc3e959c4b9b4166511, type: 3}
      propertyPath: m_LocalEulerAnglesHint.x
      value: 20.511017
      objectReference: {fileID: 0}
    - target: {fileID: 1551944867817709093, guid: 653d58720dc78dc3e959c4b9b4166511, type: 3}
      propertyPath: m_LocalEulerAnglesHint.y
      value: -107.897385
      objectReference: {fileID: 0}
    - target: {fileID: 1551944867817709093, guid: 653d58720dc78dc3e959c4b9b4166511, type: 3}
      propertyPath: m_LocalEulerAnglesHint.z
      value: -81.85692
      objectReference: {fileID: 0}
    - target: {fileID: 1632759751195861815, guid: 653d58720dc78dc3e959c4b9b4166511, type: 3}
      propertyPath: m_LocalEulerAnglesHint.x
      value: -0.000004494106
      objectReference: {fileID: 0}
    - target: {fileID: 1632759751195861815, guid: 653d58720dc78dc3e959c4b9b4166511, type: 3}
      propertyPath: m_LocalEulerAnglesHint.y
      value: -0.18646206
      objectReference: {fileID: 0}
    - target: {fileID: 1632759751195861815, guid: 653d58720dc78dc3e959c4b9b4166511, type: 3}
      propertyPath: m_LocalEulerAnglesHint.z
      value: -0.0000031417144
      objectReference: {fileID: 0}
    - target: {fileID: 1865032582794667794, guid: 653d58720dc78dc3e959c4b9b4166511, type: 3}
      propertyPath: m_LocalEulerAnglesHint.x
      value: 0.00000042688654
      objectReference: {fileID: 0}
    - target: {fileID: 1865032582794667794, guid: 653d58720dc78dc3e959c4b9b4166511, type: 3}
      propertyPath: m_LocalEulerAnglesHint.y
      value: 0.0000051226416
      objectReference: {fileID: 0}
    - target: {fileID: 1865032582794667794, guid: 653d58720dc78dc3e959c4b9b4166511, type: 3}
      propertyPath: m_LocalEulerAnglesHint.z
      value: 0.000004268868
      objectReference: {fileID: 0}
    - target: {fileID: 1932421604923968559, guid: 653d58720dc78dc3e959c4b9b4166511, type: 3}
      propertyPath: m_LocalEulerAnglesHint.x
      value: 44.09522
      objectReference: {fileID: 0}
    - target: {fileID: 1932421604923968559, guid: 653d58720dc78dc3e959c4b9b4166511, type: 3}
      propertyPath: m_LocalEulerAnglesHint.y
      value: -156.32248
      objectReference: {fileID: 0}
    - target: {fileID: 1932421604923968559, guid: 653d58720dc78dc3e959c4b9b4166511, type: 3}
      propertyPath: m_LocalEulerAnglesHint.z
      value: -73.24251
      objectReference: {fileID: 0}
    - target: {fileID: 2543415740520787029, guid: 653d58720dc78dc3e959c4b9b4166511, type: 3}
      propertyPath: m_LocalEulerAnglesHint.x
      value: -0.000000106721686
      objectReference: {fileID: 0}
    - target: {fileID: 2543415740520787029, guid: 653d58720dc78dc3e959c4b9b4166511, type: 3}
      propertyPath: m_LocalEulerAnglesHint.y
      value: 0.0000005069281
      objectReference: {fileID: 0}
    - target: {fileID: 2543415740520787029, guid: 653d58720dc78dc3e959c4b9b4166511, type: 3}
      propertyPath: m_LocalEulerAnglesHint.z
      value: -0.000003521816
      objectReference: {fileID: 0}
    - target: {fileID: 2566727773213605624, guid: 653d58720dc78dc3e959c4b9b4166511, type: 3}
      propertyPath: m_LocalEulerAnglesHint.x
      value: 0.000004575693
      objectReference: {fileID: 0}
    - target: {fileID: 2566727773213605624, guid: 653d58720dc78dc3e959c4b9b4166511, type: 3}
      propertyPath: m_LocalEulerAnglesHint.y
      value: -0.0000044222807
      objectReference: {fileID: 0}
    - target: {fileID: 2566727773213605624, guid: 653d58720dc78dc3e959c4b9b4166511, type: 3}
      propertyPath: m_LocalEulerAnglesHint.z
      value: -0.0000005936396
      objectReference: {fileID: 0}
    - target: {fileID: 2862194025194806988, guid: 653d58720dc78dc3e959c4b9b4166511, type: 3}
      propertyPath: m_LocalEulerAnglesHint.x
      value: 0.000023798939
      objectReference: {fileID: 0}
    - target: {fileID: 2862194025194806988, guid: 653d58720dc78dc3e959c4b9b4166511, type: 3}
      propertyPath: m_LocalEulerAnglesHint.y
      value: 0.0000016541858
      objectReference: {fileID: 0}
    - target: {fileID: 2862194025194806988, guid: 653d58720dc78dc3e959c4b9b4166511, type: 3}
      propertyPath: m_LocalEulerAnglesHint.z
      value: -0.000004642393
      objectReference: {fileID: 0}
    - target: {fileID: 3353537561322401432, guid: 653d58720dc78dc3e959c4b9b4166511, type: 3}
      propertyPath: m_LocalEulerAnglesHint.x
      value: -0.06312803
      objectReference: {fileID: 0}
    - target: {fileID: 3353537561322401432, guid: 653d58720dc78dc3e959c4b9b4166511, type: 3}
      propertyPath: m_LocalEulerAnglesHint.y
      value: 90.17115
      objectReference: {fileID: 0}
    - target: {fileID: 3353537561322401432, guid: 653d58720dc78dc3e959c4b9b4166511, type: 3}
      propertyPath: m_LocalEulerAnglesHint.z
      value: 62.054703
      objectReference: {fileID: 0}
    - target: {fileID: 3376265159176172444, guid: 653d58720dc78dc3e959c4b9b4166511, type: 3}
      propertyPath: m_LocalEulerAnglesHint.x
      value: -0.0001879693
      objectReference: {fileID: 0}
    - target: {fileID: 3376265159176172444, guid: 653d58720dc78dc3e959c4b9b4166511, type: 3}
      propertyPath: m_LocalEulerAnglesHint.y
      value: -77.74429
      objectReference: {fileID: 0}
    - target: {fileID: 3376265159176172444, guid: 653d58720dc78dc3e959c4b9b4166511, type: 3}
      propertyPath: m_LocalEulerAnglesHint.z
      value: -0.00005959114
      objectReference: {fileID: 0}
    - target: {fileID: 3392126385422948565, guid: 653d58720dc78dc3e959c4b9b4166511, type: 3}
      propertyPath: m_LocalEulerAnglesHint.x
      value: -0.000005717116
      objectReference: {fileID: 0}
    - target: {fileID: 3392126385422948565, guid: 653d58720dc78dc3e959c4b9b4166511, type: 3}
      propertyPath: m_LocalEulerAnglesHint.y
      value: 0.0000065922554
      objectReference: {fileID: 0}
    - target: {fileID: 3392126385422948565, guid: 653d58720dc78dc3e959c4b9b4166511, type: 3}
      propertyPath: m_LocalEulerAnglesHint.z
      value: 90
      objectReference: {fileID: 0}
    - target: {fileID: 4632586738064639072, guid: 653d58720dc78dc3e959c4b9b4166511, type: 3}
      propertyPath: m_LocalEulerAnglesHint.x
      value: -0.00000939151
      objectReference: {fileID: 0}
    - target: {fileID: 4632586738064639072, guid: 653d58720dc78dc3e959c4b9b4166511, type: 3}
      propertyPath: m_LocalEulerAnglesHint.y
      value: 0.0000029882083
      objectReference: {fileID: 0}
    - target: {fileID: 4632586738064639072, guid: 653d58720dc78dc3e959c4b9b4166511, type: 3}
      propertyPath: m_LocalEulerAnglesHint.z
      value: -0.000000426887
      objectReference: {fileID: 0}
    - target: {fileID: 5430533166474736623, guid: 653d58720dc78dc3e959c4b9b4166511, type: 3}
      propertyPath: m_LocalEulerAnglesHint.x
      value: 0.18646821
      objectReference: {fileID: 0}
    - target: {fileID: 5430533166474736623, guid: 653d58720dc78dc3e959c4b9b4166511, type: 3}
      propertyPath: m_LocalEulerAnglesHint.y
      value: -0.0000034981026
      objectReference: {fileID: 0}
    - target: {fileID: 5430533166474736623, guid: 653d58720dc78dc3e959c4b9b4166511, type: 3}
      propertyPath: m_LocalEulerAnglesHint.z
      value: -0.0000018186101
      objectReference: {fileID: 0}
    - target: {fileID: 5529285400303332397, guid: 653d58720dc78dc3e959c4b9b4166511, type: 3}
      propertyPath: m_LocalEulerAnglesHint.x
      value: 0.0000020443877
      objectReference: {fileID: 0}
    - target: {fileID: 5529285400303332397, guid: 653d58720dc78dc3e959c4b9b4166511, type: 3}
      propertyPath: m_LocalEulerAnglesHint.y
      value: -0.00000048024776
      objectReference: {fileID: 0}
    - target: {fileID: 5529285400303332397, guid: 653d58720dc78dc3e959c4b9b4166511, type: 3}
      propertyPath: m_LocalEulerAnglesHint.z
      value: -0.00000032016513
      objectReference: {fileID: 0}
    - target: {fileID: 6151735899428028077, guid: 653d58720dc78dc3e959c4b9b4166511, type: 3}
      propertyPath: m_LocalEulerAnglesHint.x
      value: 0.000010778107
      objectReference: {fileID: 0}
    - target: {fileID: 6151735899428028077, guid: 653d58720dc78dc3e959c4b9b4166511, type: 3}
      propertyPath: m_LocalEulerAnglesHint.y
      value: 88.3634
      objectReference: {fileID: 0}
    - target: {fileID: 6151735899428028077, guid: 653d58720dc78dc3e959c4b9b4166511, type: 3}
      propertyPath: m_LocalEulerAnglesHint.z
      value: 179.99998
      objectReference: {fileID: 0}
    - target: {fileID: 6571698684513660260, guid: 653d58720dc78dc3e959c4b9b4166511, type: 3}
      propertyPath: m_LocalEulerAnglesHint.x
      value: -56.829605
      objectReference: {fileID: 0}
    - target: {fileID: 6571698684513660260, guid: 653d58720dc78dc3e959c4b9b4166511, type: 3}
      propertyPath: m_LocalEulerAnglesHint.y
      value: 84.92173
      objectReference: {fileID: 0}
    - target: {fileID: 6571698684513660260, guid: 653d58720dc78dc3e959c4b9b4166511, type: 3}
      propertyPath: m_LocalEulerAnglesHint.z
      value: -72.99062
      objectReference: {fileID: 0}
    - target: {fileID: 8138383322364331909, guid: 653d58720dc78dc3e959c4b9b4166511, type: 3}
      propertyPath: m_LocalEulerAnglesHint.x
      value: 4.5684824
      objectReference: {fileID: 0}
    - target: {fileID: 8138383322364331909, guid: 653d58720dc78dc3e959c4b9b4166511, type: 3}
      propertyPath: m_LocalEulerAnglesHint.y
      value: 0.0000040391
      objectReference: {fileID: 0}
    - target: {fileID: 8138383322364331909, guid: 653d58720dc78dc3e959c4b9b4166511, type: 3}
      propertyPath: m_LocalEulerAnglesHint.z
      value: 0.0000014388015
      objectReference: {fileID: 0}
    - target: {fileID: 8281199050107276982, guid: 653d58720dc78dc3e959c4b9b4166511, type: 3}
      propertyPath: m_LocalEulerAnglesHint.x
      value: -1.2549682
      objectReference: {fileID: 0}
    - target: {fileID: 8281199050107276982, guid: 653d58720dc78dc3e959c4b9b4166511, type: 3}
      propertyPath: m_LocalEulerAnglesHint.y
      value: -0.0000018875444
      objectReference: {fileID: 0}
    - target: {fileID: 8281199050107276982, guid: 653d58720dc78dc3e959c4b9b4166511, type: 3}
      propertyPath: m_LocalEulerAnglesHint.z
      value: -0.00000426566
      objectReference: {fileID: 0}
    - target: {fileID: 8393267656874214402, guid: 653d58720dc78dc3e959c4b9b4166511, type: 3}
      propertyPath: m_LocalEulerAnglesHint.x
      value: 2.630329
      objectReference: {fileID: 0}
    - target: {fileID: 8393267656874214402, guid: 653d58720dc78dc3e959c4b9b4166511, type: 3}
      propertyPath: m_LocalEulerAnglesHint.y
      value: -148.01616
      objectReference: {fileID: 0}
    - target: {fileID: 8393267656874214402, guid: 653d58720dc78dc3e959c4b9b4166511, type: 3}
      propertyPath: m_LocalEulerAnglesHint.z
      value: -6.961438
      objectReference: {fileID: 0}
    - target: {fileID: 9049153851418400277, guid: 653d58720dc78dc3e959c4b9b4166511, type: 3}
      propertyPath: m_LocalEulerAnglesHint.x
      value: 0.0000044956514
      objectReference: {fileID: 0}
    - target: {fileID: 9049153851418400277, guid: 653d58720dc78dc3e959c4b9b4166511, type: 3}
      propertyPath: m_LocalEulerAnglesHint.y
      value: -0.0000048825186
      objectReference: {fileID: 0}
    - target: {fileID: 9049153851418400277, guid: 653d58720dc78dc3e959c4b9b4166511, type: 3}
      propertyPath: m_LocalEulerAnglesHint.z
      value: 0.0000012473098
      objectReference: {fileID: 0}
    m_RemovedComponents: []
  m_SourcePrefab: {fileID: 100100000, guid: 653d58720dc78dc3e959c4b9b4166511, type: 3}
--- !u!1 &2347090052807404003 stripped
GameObject:
  m_CorrespondingSourceObject: {fileID: 919132149155446097, guid: 653d58720dc78dc3e959c4b9b4166511, type: 3}
  m_PrefabInstance: {fileID: 3194143015916344498}
  m_PrefabAsset: {fileID: 0}
--- !u!4 &3159654861755151193 stripped
Transform:
  m_CorrespondingSourceObject: {fileID: -8679921383154817045, guid: 653d58720dc78dc3e959c4b9b4166511, type: 3}
  m_PrefabInstance: {fileID: 3194143015916344498}
  m_PrefabAsset: {fileID: 0}
--- !u!1001 &3194143016105923952
PrefabInstance:
  m_ObjectHideFlags: 0
  serializedVersion: 2
  m_Modification:
    m_TransformParent: {fileID: 0}
    m_Modifications:
    - target: {fileID: 1535969800163214, guid: 90f0d76140309b246a4ab80b3cc13882, type: 3}
      propertyPath: m_IsActive
      value: 0
      objectReference: {fileID: 0}
    - target: {fileID: 1655616424063532, guid: 90f0d76140309b246a4ab80b3cc13882, type: 3}
      propertyPath: m_Name
      value: Player
      objectReference: {fileID: 0}
    - target: {fileID: 1876763504524952, guid: 90f0d76140309b246a4ab80b3cc13882, type: 3}
      propertyPath: m_Name
      value: Player Camera
      objectReference: {fileID: 0}
    - target: {fileID: 1876763504524952, guid: 90f0d76140309b246a4ab80b3cc13882, type: 3}
      propertyPath: m_IsActive
      value: 1
      objectReference: {fileID: 0}
    - target: {fileID: 4250240699718324, guid: 90f0d76140309b246a4ab80b3cc13882, type: 3}
      propertyPath: m_LocalPosition.x
      value: 0.5
      objectReference: {fileID: 0}
    - target: {fileID: 4250240699718324, guid: 90f0d76140309b246a4ab80b3cc13882, type: 3}
      propertyPath: m_LocalPosition.y
      value: -4.4
      objectReference: {fileID: 0}
    - target: {fileID: 4250240699718324, guid: 90f0d76140309b246a4ab80b3cc13882, type: 3}
      propertyPath: m_LocalPosition.z
      value: -9.7
      objectReference: {fileID: 0}
    - target: {fileID: 4250240699718324, guid: 90f0d76140309b246a4ab80b3cc13882, type: 3}
      propertyPath: m_LocalRotation.w
      value: 0.9782383
      objectReference: {fileID: 0}
    - target: {fileID: 4250240699718324, guid: 90f0d76140309b246a4ab80b3cc13882, type: 3}
      propertyPath: m_LocalRotation.x
      value: -0.20746396
      objectReference: {fileID: 0}
    - target: {fileID: 4250240699718324, guid: 90f0d76140309b246a4ab80b3cc13882, type: 3}
      propertyPath: m_LocalRotation.y
      value: 0
      objectReference: {fileID: 0}
    - target: {fileID: 4250240699718324, guid: 90f0d76140309b246a4ab80b3cc13882, type: 3}
      propertyPath: m_LocalRotation.z
      value: 0
      objectReference: {fileID: 0}
    - target: {fileID: 4250240699718324, guid: 90f0d76140309b246a4ab80b3cc13882, type: 3}
      propertyPath: m_LocalEulerAnglesHint.x
      value: -23.95
      objectReference: {fileID: 0}
    - target: {fileID: 4317918446338648, guid: 90f0d76140309b246a4ab80b3cc13882, type: 3}
      propertyPath: m_LocalRotation.w
      value: 0.94258326
      objectReference: {fileID: 0}
    - target: {fileID: 4317918446338648, guid: 90f0d76140309b246a4ab80b3cc13882, type: 3}
      propertyPath: m_LocalRotation.x
      value: 0.3339714
      objectReference: {fileID: 0}
    - target: {fileID: 4317918446338648, guid: 90f0d76140309b246a4ab80b3cc13882, type: 3}
      propertyPath: m_LocalEulerAnglesHint.x
      value: 39.02
      objectReference: {fileID: 0}
    - target: {fileID: 4343119190289194, guid: 90f0d76140309b246a4ab80b3cc13882, type: 3}
      propertyPath: m_RootOrder
      value: 0
      objectReference: {fileID: 0}
    - target: {fileID: 4343119190289194, guid: 90f0d76140309b246a4ab80b3cc13882, type: 3}
      propertyPath: m_LocalPosition.x
      value: 1.2476692
      objectReference: {fileID: 0}
    - target: {fileID: 4343119190289194, guid: 90f0d76140309b246a4ab80b3cc13882, type: 3}
      propertyPath: m_LocalPosition.y
      value: 0.12295914
      objectReference: {fileID: 0}
    - target: {fileID: 4343119190289194, guid: 90f0d76140309b246a4ab80b3cc13882, type: 3}
      propertyPath: m_LocalPosition.z
      value: 1.6737328
      objectReference: {fileID: 0}
    - target: {fileID: 4343119190289194, guid: 90f0d76140309b246a4ab80b3cc13882, type: 3}
      propertyPath: m_LocalRotation.w
      value: 1
      objectReference: {fileID: 0}
    - target: {fileID: 4343119190289194, guid: 90f0d76140309b246a4ab80b3cc13882, type: 3}
      propertyPath: m_LocalRotation.x
      value: 0
      objectReference: {fileID: 0}
    - target: {fileID: 4343119190289194, guid: 90f0d76140309b246a4ab80b3cc13882, type: 3}
      propertyPath: m_LocalRotation.y
      value: 0
      objectReference: {fileID: 0}
    - target: {fileID: 4343119190289194, guid: 90f0d76140309b246a4ab80b3cc13882, type: 3}
      propertyPath: m_LocalRotation.z
      value: 0
      objectReference: {fileID: 0}
    - target: {fileID: 4343119190289194, guid: 90f0d76140309b246a4ab80b3cc13882, type: 3}
      propertyPath: m_LocalEulerAnglesHint.x
      value: 0
      objectReference: {fileID: 0}
    - target: {fileID: 4343119190289194, guid: 90f0d76140309b246a4ab80b3cc13882, type: 3}
      propertyPath: m_LocalEulerAnglesHint.y
      value: 0
      objectReference: {fileID: 0}
    - target: {fileID: 4343119190289194, guid: 90f0d76140309b246a4ab80b3cc13882, type: 3}
      propertyPath: m_LocalEulerAnglesHint.z
      value: 0
      objectReference: {fileID: 0}
    - target: {fileID: 20727026280445856, guid: 90f0d76140309b246a4ab80b3cc13882, type: 3}
      propertyPath: m_HDR
      value: 0
      objectReference: {fileID: 0}
    - target: {fileID: 20727026280445856, guid: 90f0d76140309b246a4ab80b3cc13882, type: 3}
      propertyPath: m_BackGroundColor.b
      value: 0.9811321
      objectReference: {fileID: 0}
    - target: {fileID: 20727026280445856, guid: 90f0d76140309b246a4ab80b3cc13882, type: 3}
      propertyPath: m_BackGroundColor.g
      value: 0.6898263
      objectReference: {fileID: 0}
    - target: {fileID: 20727026280445856, guid: 90f0d76140309b246a4ab80b3cc13882, type: 3}
      propertyPath: m_BackGroundColor.r
      value: 0.50445
      objectReference: {fileID: 0}
    - target: {fileID: 23529057689833150, guid: 90f0d76140309b246a4ab80b3cc13882, type: 3}
      propertyPath: m_Enabled
      value: 1
      objectReference: {fileID: 0}
    - target: {fileID: 114498455928116328, guid: 90f0d76140309b246a4ab80b3cc13882, type: 3}
      propertyPath: turnSpeed
      value: 1000
      objectReference: {fileID: 0}
    - target: {fileID: 114817004875063096, guid: 90f0d76140309b246a4ab80b3cc13882, type: 3}
      propertyPath: mouseVerticalAxis
      value: 
      objectReference: {fileID: 0}
    - target: {fileID: 114817004875063096, guid: 90f0d76140309b246a4ab80b3cc13882, type: 3}
      propertyPath: mouseHorizontalAxis
      value: 
      objectReference: {fileID: 0}
    m_RemovedComponents: []
  m_SourcePrefab: {fileID: 100100000, guid: 90f0d76140309b246a4ab80b3cc13882, type: 3}
--- !u!1 &3194743048862885724 stripped
GameObject:
  m_CorrespondingSourceObject: {fileID: 1655616424063532, guid: 90f0d76140309b246a4ab80b3cc13882, type: 3}
  m_PrefabInstance: {fileID: 3194143016105923952}
  m_PrefabAsset: {fileID: 0}
--- !u!4 &3196617744802853638 stripped
Transform:
  m_CorrespondingSourceObject: {fileID: 4304318872610422, guid: 90f0d76140309b246a4ab80b3cc13882, type: 3}
  m_PrefabInstance: {fileID: 3194143016105923952}
  m_PrefabAsset: {fileID: 0}
--- !u!23 &3170665718174276558 stripped
MeshRenderer:
  m_CorrespondingSourceObject: {fileID: 23529057689833150, guid: 90f0d76140309b246a4ab80b3cc13882, type: 3}
  m_PrefabInstance: {fileID: 3194143016105923952}
  m_PrefabAsset: {fileID: 0}
